@article {milnor1956bundles,
    AUTHOR = {Milnor, John},
     TITLE = {Construction of universal bundles. {I}},
   JOURNAL = {Ann. of Math. (2)},
  FJOURNAL = {Annals of Mathematics. Second Series},
    VOLUME = {63},
      YEAR = {1956},
     PAGES = {272--284},
      ISSN = {0003-486X},
   MRCLASS = {55.0X},
  MRNUMBER = {77122},
MRREVIEWER = {J. Dugundji},
       DOI = {10.2307/1969609},
       URL = {https://doi.org/10.2307/1969609},
}

@article {hinich1997homologicalalgebra,
	AUTHOR = {Hinich, Vladimir},
	TITLE = {Homological algebra of homotopy algebras},
	JOURNAL = {Comm. Algebra},
	FJOURNAL = {Communications in Algebra},
	VOLUME = {25},
	YEAR = {1997},
	NUMBER = {10},
	PAGES = {3291--3323},
	ISSN = {0092-7872},
	MRCLASS = {18G99 (16E99 18G05 55U35)},
	MRNUMBER = {1465117},
	MRREVIEWER = {Kathryn P. Hess},
	DOI = {10.1080/00927879708826055},
	URL = {https://doi.org/10.1080/00927879708826055},
}

@book{baues1980geometry,
  title={Geometry of loop spaces and the cobar construction},
  author={Baues, Hans J},
  volume={230},
  year={1980},
  publisher={American Mathematical Soc.},
  url = {https://bookstore.ams.org/memo-25-230/}
}

@article{smirnov1990iterated,
	author = {Smirnov, V.A.},
	title = {On the chain complex of an iterated loop space},
	journal = {Mathematics of the {USSR}-Izvestiya},
	year = {1990},
	volume = {35},
	number = {2},
	pages = {445--455},
	doi = {10.1070/im1990v035n02abeh000713},
	url = {https://doi.org/10.1070/im1990v035n02abeh000713},
}

@article {kadeishvili1998iterating,
	AUTHOR = {Kadeishvili, Tornike and Saneblidze, Samson},
	TITLE = {Iterating the bar construction},
	JOURNAL = {Georgian. Math. J.},
	VOLUME = {5},
	YEAR = {1998},
	NUMBER = {5},
	PAGES = {441-452},
	ISSN = {1512-2891},
	DOI = {doi:10.1515/GMJ.1998.441},
	URL = {https://doi.org/10.1515/GMJ.1998.441},
}

@article {smith2000operads,
	author = {{Smith}, Justin R.},
	title = {Operads and algebraic homotopy},
	journal = {arXiv e-prints},
	year = 2000,
	archivePrefix = {arXiv},
	eprint = {math/0004003}
}

@article {hess2020twisting,
	AUTHOR = {Hess, Kathryn and Parent,Paul-Eugène and Scott, Jonathan},
	TITLE = {Twisting structures and morphisms up to strong homotopy},
	JOURNAL = {Journal of Homotopy and Related Structures},
	VOLUME = {15},
	YEAR = {2020},
	NUMBER = {1},
	PAGES = {185--222},
	ISSN = {1512-2891},
	DOI = {10.1007/s40062-019-00249-w},
	URL = {https://doi.org/10.1007/s40062-019-00249-w},
}

@article {hess2006adamshilton,
	AUTHOR = {Hess, Kathryn and Parent,Paul-Eugène and Scott, Jonathan and Tonks, Andrew},
	TITLE = {A canonical enriched Adams–Hilton model for simplicial sets},
	JOURNAL = {Adv. Math.},
	FJOURNAL = {Advances in Mathematics},
	VOLUME = {207},
	YEAR = {2006},
	NUMBER = {2},
	PAGES = {847--875},
	ISSN = {0001-8708},
	MRCLASS = {55P35 (16W30 18D50 18G35 55U10 55U35)},
	MRNUMBER = {MR2271989},
	DOI = {https://doi.org/10.1016/j.aim.2006.01.013},
	URL = {https://www.sciencedirect.com/science/article/pii/S0001870806000338},
}

@article {milnor1958steenrod,
	AUTHOR = {Milnor, John},
	TITLE = {The {S}teenrod algebra and its dual},
	JOURNAL = {Ann. of Math. (2)},
	FJOURNAL = {Annals of Mathematics. Second Series},
	VOLUME = {67},
	YEAR = {1958},
	PAGES = {150--171},
	ISSN = {0003-486X},
	MRCLASS = {55.00 (18.00)},
	MRNUMBER = {99653},
	MRREVIEWER = {G. Hirsch},
	DOI = {10.2307/1969932},
	URL = {https://doi.org/10.2307/1969932},
}

@article {dugger2011mappingspaces,
	AUTHOR = {Dugger, Daniel and Spivak, David I.},
	TITLE = {Mapping spaces in quasi-categories},
	JOURNAL = {Algebr. Geom. Topol.},
	FJOURNAL = {Algebraic \& Geometric Topology},
	VOLUME = {11},
	YEAR = {2011},
	NUMBER = {1},
	PAGES = {263--325},
	ISSN = {1472-2747},
	MRCLASS = {55U40 (18G30)},
	MRNUMBER = {2764043},
	MRREVIEWER = {Mikael Vejdemo Johansson},
	DOI = {10.2140/agt.2011.11.263},
	URL = {https://doi.org/10.2140/agt.2011.11.263},
}

@book {goerss2009simplicial,
	AUTHOR = {Goerss, Paul G. and Jardine, John F.},
	TITLE = {Simplicial homotopy theory},
	SERIES = {Modern Birkh\"{a}user Classics},
	NOTE = {Reprint of the 1999 edition},
	PUBLISHER = {Birkh\"{a}user Verlag, Basel},
	YEAR = {2009},
	PAGES = {xvi+510},
	ISBN = {978-3-0346-0188-7},
	MRCLASS = {55U10 (18G55)},
	MRNUMBER = {2840650},
	DOI = {10.1007/978-3-0346-0189-4},
	URL = {https://doi.org/10.1007/978-3-0346-0189-4},
}

@article {dwyer1980simplicial,
	AUTHOR = {Dwyer, W. G. and Kan, D. M.},
	TITLE = {Simplicial localizations of categories},
	JOURNAL = {J. Pure Appl. Algebra},
	FJOURNAL = {Journal of Pure and Applied Algebra},
	VOLUME = {17},
	YEAR = {1980},
	NUMBER = {3},
	PAGES = {267--284},
	ISSN = {0022-4049},
	MRCLASS = {55U35 (18D20)},
	MRNUMBER = {579087},
	MRREVIEWER = {Timothy Porter},
	DOI = {10.1016/0022-4049(80)90049-3},
	URL = {https://doi.org/10.1016/0022-4049(80)90049-3},
}

@article {livernet2008hopf,
	AUTHOR = {Livernet, Muriel and Patras, Fr\'{e}d\'{e}ric},
	TITLE = {Lie theory for {H}opf operads},
	JOURNAL = {J. Algebra},
	FJOURNAL = {Journal of Algebra},
	VOLUME = {319},
	YEAR = {2008},
	NUMBER = {12},
	PAGES = {4899--4920},
	ISSN = {0021-8693},
	MRCLASS = {18D50 (16W30)},
	MRNUMBER = {2423811},
	DOI = {10.1016/j.jalgebra.2008.03.016},
	URL = {https://doi.org/10.1016/j.jalgebra.2008.03.016},
}

@article {rivera2018cubical,
	AUTHOR = {Rivera, Manuel and Zeinalian, Mahmoud},
	TITLE = {Cubical rigidification, the cobar construction and the based
	loop space},
	JOURNAL = {Algebr. Geom. Topol.},
	FJOURNAL = {Algebraic \& Geometric Topology},
	VOLUME = {18},
	YEAR = {2018},
	NUMBER = {7},
	PAGES = {3789--3820},
	ISSN = {1472-2747},
	MRCLASS = {55U35 (18D20 18G30 55P35 55U10 57T30)},
	MRNUMBER = {3892231},
	MRREVIEWER = {Timothy Porter},
	DOI = {10.2140/agt.2018.18.3789},
	URL = {https://doi.org/10.2140/agt.2018.18.3789},
}

@misc{minichello2021path,
  doi = {10.48550/ARXIV.2201.03046},

  url = {https://arxiv.org/abs/2201.03046},

  author = {Minichiello, Emilio and Rivera, Manuel and Zeinalian, Mahmoud},

  keywords = {Algebraic Topology (math.AT), Category Theory (math.CT), Quantum Algebra (math.QA), FOS: Mathematics, FOS: Mathematics},

  title = {Categorical models for path spaces},

  publisher = {arXiv},

  year = {2022},

  copyright = {arXiv.org perpetual, non-exclusive license}
}

@article {rivera2019path,
	AUTHOR = {Rivera, Manuel and Saneblidze, Samson},
	TITLE = {A combinatorial model for the path fibration},
	JOURNAL = {J. Homotopy Relat. Struct.},
	FJOURNAL = {Journal of Homotopy and Related Structures},
	VOLUME = {14},
	YEAR = {2019},
	NUMBER = {2},
	PAGES = {393--410},
	ISSN = {2193-8407},
	MRCLASS = {55P35 (55P15)},
	MRNUMBER = {3947965},
	MRREVIEWER = {Samik Basu},
	DOI = {10.1007/s40062-018-0216-4},
	URL = {https://doi.org/10.1007/s40062-018-0216-4},
}

@article {dugger2011rigidification,
	AUTHOR = {Dugger, Daniel and Spivak, David I.},
	TITLE = {Rigidification of quasi-categories},
	JOURNAL = {Algebr. Geom. Topol.},
	FJOURNAL = {Algebraic \& Geometric Topology},
	VOLUME = {11},
	YEAR = {2011},
	NUMBER = {1},
	PAGES = {225--261},
	ISSN = {1472-2747},
	MRCLASS = {55U40 (18G30)},
	MRNUMBER = {2764042},
	MRREVIEWER = {G\'{e}rald Gaudens},
	DOI = {10.2140/agt.2011.11.225},
	URL = {https://doi.org/10.2140/agt.2011.11.225},
}

@article {galvez2020hopf,
	AUTHOR = {{G\'{a}lvez-Carrillo}, Imma and Kaufmann, Ralph M. and Tonks,
	Andrew},
	TITLE = {Three {H}opf algebras from number theory, physics \& topology,
	and their common background {I}: operadic \& simplicial
	aspects},
	JOURNAL = {Commun. Number Theory Phys.},
	FJOURNAL = {Communications in Number Theory and Physics},
	VOLUME = {14},
	YEAR = {2020},
	NUMBER = {1},
	PAGES = {1--90},
	ISSN = {1931-4523},
	MRCLASS = {16T05 (18M70 55P48 81R50)},
	MRNUMBER = {4060970},
	DOI = {10.4310/CNTP.2020.v14.n1.a1},
	URL = {https://doi.org/10.4310/CNTP.2020.v14.n1.a1},
}

@article {berger1995loops,
	AUTHOR = {Berger, Clemens},
	TITLE = {Un groupo\"{i}de simplicial comme mod\'{e}le de l'espace des chemins},
	JOURNAL = {Bull. Soc. Math. France},
	FJOURNAL = {Bulletin de la Soci\'{e}t\'{e} Math\'{e}matique de France},
	VOLUME = {123},
	YEAR = {1995},
	NUMBER = {1},
	PAGES = {1--32},
	ISSN = {0037-9484},
	MRCLASS = {18G30 (55P35 55Q05 55U10 57M05)},
	MRNUMBER = {1330785},
	URL = {http://www.numdam.org/item?id=BSMF_1995__123_1_1_0},
}

@incollection {moerdijk1999monads,
	AUTHOR = {Moerdijk, I.},
	TITLE = {Monads on tensor categories},
	NOTE = {Category theory 1999 (Coimbra)},
	JOURNAL = {J. Pure Appl. Algebra},
	FJOURNAL = {Journal of Pure and Applied Algebra},
	VOLUME = {168},
	YEAR = {2002},
	NUMBER = {2-3},
	PAGES = {189--208},
	ISSN = {0022-4049},
	MRCLASS = {18D10},
	MRNUMBER = {1887157},
	MRREVIEWER = {Kimmo I. Rosenthal},
	DOI = {10.1016/S0022-4049(01)00096-2},
	URL = {https://doi.org/10.1016/S0022-4049(01)00096-2},
}

@ARTICLE{hinich2007deformation,
	author = {{Hinich}, V.},
	title = "{Homotopy coherent nerve in deformation theory}",
	journal = {arXiv e-prints},
	year = 2007,
	archivePrefix = {arXiv},
	eprint = {0704.2503}
}

@ARTICLE{franz2020szczarba,
	author = {{Franz}, Matthias},
	title = "{Szczarba's twisting cochain is comultiplicative}",
	journal = {arXiv e-prints},
	year = 2020,
	archivePrefix = {arXiv},
	eprint = {2008.08943}
}

@ARTICLE{getzler1994operads,
	author = {{Getzler}, Ezra and {Jones}, J.~D.~S.},
	title = "{Operads, homotopy algebra and iterated integrals for double loop spaces}",
	journal = {arXiv e-prints},
	year = 1994,
	archivePrefix = {arXiv},
	eprint = {hep-th/9403055}
}